%% This BibTeX bibliography file was created using BibDesk.
%% http://bibdesk.sourceforge.net/


%% Created for Pranav Rajpurkar at 2013-12-13 21:22:26 -0800 


%% Saved with string encoding Unicode (UTF-8) 



@techreport{cho,
	Author = {T. Cho and J. P. Bello},
	Institution = {Music and Audio Research Laboratory, New York University},
	Title = {Real-time Implementation of HMM-based Chord Estimation in Musical Audio},
	Year = {2009}}

@inproceedings{fujishima,
	Author = {T. Fujishima},
	Booktitle = {Proceedings of the 1999 International Computer Music Conference (ICMC 1999)},
	Institution = {CCRMA, Stanford University},
	Pages = {464-467},
	Title = {Realtime Chord Recognition of Musical Sound: a System Using Common Lisp Music},
	Year = {1999}}

@techreport{jiang,
	Author = {N. Jiang and P. Grosche, V. Konz and M. Muller},
	Institution = {Saarland University and MPI Informatik},
	Title = {Analyzing Chroma Feature Types for Automated Chord Recognition},
	Year = {2011}}

@techreport{lee,
	Author = {K. Lee, M. Slanley},
	Institution = {CCRMA, Stanford University},
	Title = {Automatic Chord Recognition from Audio Using a Supervised HMM Trained with Audio-from-Symbolic Data},
	Year = {2006}}

@techreport{young,
	Author = {S. J. Young},
	Institution = {Entropic Cambridge Research Laboratory, Ltd},
	Title = {The HTK Hidden Markov Model Toolkit: Design and Philosophy},
	Year = {1994}}
