@misc{
title = {Yaafe - audio features extraction}
}